<?xml version="1.0" encoding="UTF-8"?><record xmlns="http://www.loc.gov/MARC21/slim" xmlns:cinclude="http://apache.org/cocoon/include/1.0" xmlns:zs="http://www.loc.gov/zing/srw/">
  <leader>00800nz  a2200205n  4500</leader>
  <controlfield tag="001">no2014042178</controlfield>
  <controlfield tag="003">DLC</controlfield>
  <controlfield tag="005">20140329073604.0</controlfield>
  <controlfield tag="008">140328n| azannaabn          |a ana     c</controlfield>
  <datafield tag="010" ind1=" " ind2=" ">
    <subfield code="a">no2014042178</subfield>
  </datafield>
  <datafield tag="035" ind1=" " ind2=" ">
    <subfield code="a">(OCoLC)oca09719844</subfield>
  </datafield>
  <datafield tag="040" ind1=" " ind2=" ">
    <subfield code="a">PaPiCLS</subfield>
    <subfield code="b">eng</subfield>
    <subfield code="e">rda</subfield>
    <subfield code="c">PaPiCLS</subfield>
  </datafield>
  <datafield tag="046" ind1=" " ind2=" ">
    <subfield code="s">2008</subfield>
  </datafield>
  <datafield tag="110" ind1="2" ind2=" ">
    <subfield code="a">Glimmer Films</subfield>
  </datafield>
  <datafield tag="368" ind1=" " ind2=" ">
    <subfield code="a">Motion picture studios</subfield>
    <subfield code="2">lcsh</subfield>
  </datafield>
  <datafield tag="370" ind1=" " ind2=" ">
    <subfield code="e">Nottingham (England)</subfield>
    <subfield code="2">naf</subfield>
  </datafield>
  <datafield tag="371" ind1=" " ind2=" ">
    <subfield code="a">Broadway Cinema, 14-18 Broad Street</subfield>
    <subfield code="b">Nottingham</subfield>
    <subfield code="d">UK</subfield>
    <subfield code="e">NG1 3AL</subfield>
  </datafield>
  <datafield tag="500" ind1="1" ind2=" ">
    <subfield code="w">r</subfield>
    <subfield code="i">Founder:</subfield>
    <subfield code="a">Finlay, Jeanie</subfield>
  </datafield>
  <datafield tag="670" ind1=" " ind2=" ">
    <subfield code="a">The great hip hop hoax, 2013:</subfield>
    <subfield code="b">title frame (Glimmer Films)</subfield>
  </datafield>
  <datafield tag="670" ind1=" " ind2=" ">
    <subfield code="a">Jeanie Finlay LinkedIn page, March 28, 2014</subfield>
    <subfield code="b">(Glimmer Films Ltd.; Nottingham; set up in 2008 by artist and filmmaker Jeanie Finlay; Broadway Cinema, 14-18 Broad Street, Nottingham, NG1 3AL, UK)</subfield>
  </datafield>
</record>